<?xml version="1.0" encoding="UTF-8"?><collection xmlns="http://www.loc.gov/MARC21/slim"><record><leader>00443nam--2200169-i-4500</leader><controlfield tag="001">000041348</controlfield><controlfield tag="002">20161230</controlfield><controlfield tag="005">20161230201043</controlfield><controlfield tag="008">060222s1000------------r-----000-0-eng-d</controlfield><datafield ind1=" " ind2=" " tag="040"><subfield code="a">IFIN-HH</subfield></datafield><datafield ind1=" " ind2=" " tag="080"><subfield code="a">621.382</subfield></datafield><datafield ind1="1" ind2=" " tag="100"><subfield code="a">Sharma,B.D</subfield></datafield><datafield ind1="1" ind2="0" tag="245"><subfield code="a">Diffusion in semiconductors</subfield><subfield code="c">B.d. sharma</subfield></datafield><datafield ind1=" " ind2=" " tag="260"><subfield code="a">Clausthal-zellerfeld</subfield><subfield code="b">Trans Tech Publications</subfield><subfield code="c">1970</subfield></datafield><datafield ind1=" " ind2=" " tag="300"><subfield code="a">200 P</subfield></datafield><datafield ind1=" " ind2=" " tag="852"><subfield code="a">34144</subfield><subfield code="c">537.311.33</subfield></datafield><datafield ind1=" " ind2=" " tag="CAT"><subfield code="a">Sys</subfield><subfield code="c">20110721</subfield><subfield code="h">121158</subfield></datafield></record></collection>